@article{Apel2009,
  title={An Overview of Feature-Oriented Software Development},
  author={Apel, Sven and K{\"a}stner, Christian},
  journal={Journal of Object Technology},
  volume={8},
  number={4},
  pages={1--36},
  year={2009},
}

@article{VACCHI20151,
    title = {Neverlang: A framework for feature-oriented language development},
    journal = {Computer Languages\, Systems \& Structures},
    volume = {43},
    pages = {1-40},
    year = {2015},
    issn = {1477-8424},
    doi = {https://doi.org/10.1016/j.cl.2015.02.001},
    url = {https://www.sciencedirect.com/science/article/pii/S1477842415000056},
    author = {Edoardo Vacchi and Walter Cazzola}
}